<?xml version="1.0" encoding="UTF-8"?><collection xmlns="http://www.loc.gov/MARC21/slim"><record><leader>00393nam--2200133-i-4500</leader><controlfield tag="001">000019308</controlfield><controlfield tag="002">20161230</controlfield><controlfield tag="005">20161230201033</controlfield><controlfield tag="008">060222s1000------------r-----000-0-eng-d</controlfield><datafield ind1=" " ind2=" " tag="080"><subfield code="a">621.382.3</subfield></datafield><datafield ind1=" " ind2=" " tag="100"><subfield code="a">Connors, William Patrick</subfield></datafield><datafield ind1=" " ind2=" " tag="245"><subfield code="a">Extension of the theory of the unijunction transistor.thesis</subfield></datafield><datafield ind1=" " ind2=" " tag="260"><subfield code="a">Ann Arbor, Michigan, University Microfilms, 1970. Xii + 147 P</subfield></datafield><datafield ind1=" " ind2=" " tag="852"><subfield code="a">36061</subfield></datafield></record></collection>